<?xml version="1.0"?>
<record xmlns:xs="http://www.w3.org/2001/XMLSchema">
	<controlfield tag="001">005378974</controlfield>
	<controlfield tag="003">SzZuIDS LU LUZHB</controlfield>
	<datafield tag="035" ind1=" " ind2=" ">
		<subfield code="a">(OCoLC)612027052</subfield>
	</datafield>
	<datafield tag="035" ind1=" " ind2=" ">
		<subfield code="a">(IDSLU)000587998</subfield>
	</datafield>
	<datafield tag="690" ind1="L" ind2="A">
		<subfield code="a">Konzerte</subfield>
		<subfield code="q">Blockflöte, Querflöte, Streichorchester, Basso continuo</subfield>
		<subfield code="t">18. Jh.</subfield>
		<subfield code="v">Noten</subfield>
	</datafield>
	<datafield tag="690" ind1="L" ind2="B">
		<subfield code="a">Soloinstrument und Orchester</subfield>
	</datafield>
	<datafield tag="691" ind1="L" ind2="M">
		<subfield code="u">GB 17524 TelemGe 52,e1.1 Bär</subfield>
	</datafield>
	<datafield tag="909" ind1="L" ind2="3">
		<subfield code="a">NLLUMHS200812</subfield>
	</datafield>
	<datafield tag="909" ind1="L" ind2="4">
		<subfield code="a">gan</subfield>
	</datafield>
	<controlfield tag="005">20120827155652.0</controlfield>
	<leader>ccm a22 5u 4500</leader>
	<controlfield tag="008">081201s1954 gw ||a zxx</controlfield>
	<datafield tag="040" ind1=" " ind2=" ">
		<subfield code="a">SzZuIDS LU LUMHS</subfield>
	</datafield>
	<datafield tag="100" ind1="1" ind2=" ">
		<subfield code="a">Telemann</subfield>
		<subfield code="D">Georg Philipp</subfield>
	</datafield>
	<datafield tag="245" ind1="1" ind2="0">
		<subfield code="a">Konzert e-Moll, für Blockflöte, Querflöte, zwei Violinen, Viola und Basso continuo, [TWV 52 e
			1]
		</subfield>
		<subfield code="h">Noten</subfield>
		<subfield code="b">Concerto in e minor, for recorder, flute, two violins, viola and basso continuo</subfield>
		<subfield code="c">Georg Philipp Telemann ; hrsg. von Herbert Kölbel ; Generalbass-Bearb. von Otto Kiel
		</subfield>
	</datafield>
	<datafield tag="240" ind1="1" ind2="0">
		<subfield code="a">Konzerte</subfield>
		<subfield code="m">Blfl Fl Orch</subfield>
		<subfield code="n">TWV 52 e 1</subfield>
		<subfield code="h">Noten</subfield>
	</datafield>
	<datafield tag="700" ind1="1" ind2=" ">
		<subfield code="a">Kölbel</subfield>
		<subfield code="D">Herbert</subfield>
	</datafield>
	<datafield tag="700" ind1="1" ind2=" ">
		<subfield code="a">Kiel</subfield>
		<subfield code="D">Otto</subfield>
	</datafield>
	<datafield tag="260" ind1=" " ind2=" ">
		<subfield code="a">Kassel</subfield>
		<subfield code="b">Bärenreiter</subfield>
		<subfield code="c">c1954</subfield>
	</datafield>
	<datafield tag="300" ind1=" " ind2=" ">
		<subfield code="a">1 Partitur</subfield>
	</datafield>
	<datafield tag="490" ind1="0" ind2=" ">
		<subfield code="a">Hortus Musicus</subfield>
		<subfield code="v">124</subfield>
		<subfield code="w">(IDSLU)000321911</subfield>
		<subfield code="9">00294118X</subfield>
	</datafield>
	<datafield tag="072" ind1=" " ind2="7">
		<subfield code="a">480</subfield>
		<subfield code="2">IDS LU</subfield>
	</datafield>
	<datafield tag="986" ind1=" " ind2=" ">
		<subfield code="a">SWISSBIB</subfield>
		<subfield code="b">005378974</subfield>
	</datafield>
	<datafield tag="898" ind1=" " ind2=" ">
		<subfield code="a">MU010100000</subfield>
	</datafield>
	<datafield tag="949" ind1=" " ind2=" ">
		<subfield code="B">IDSLU</subfield>
		<subfield code="b">LUMH1</subfield>
		<subfield code="j">Mb 7832</subfield>
	</datafield>
</record>